
2020-07-31 * "3å·æ¥¼108è¶…å¸‚" "æ”¶æ¬¾æ–¹å¤‡æ³¨:äºŒç»´ç æ”¶æ¬¾"
  trade_time: "2020-07-31 23:16:33"
  Assets:Cash:WeChat  -12.00 CNY
  Expenses:Food        12.00 CNY

2020-07-31 * "ä¸€ç‚¹é€š" "æ”¶æ¬¾æ–¹å¤‡æ³¨:äºŒç»´ç æ”¶æ¬¾"
  comment: "äººå·¥æ¬å®¶è´¹"
  trade_time: "2020-07-31 22:57:56"
  Assets:Cash:WeChat   -200.00 CNY
  Expenses:Housing:æ¬å®¶   200.00 CNY

2020-07-31 * "é•¿åŸç‰©ä¸šæœ‰é™å…¬å¸åŒ—äº¬ç‰©ä¸šç®¡ç†åˆ†å…¬å¸" "é•¿åŸç‰©ä¸šæœ‰é™å…¬å¸åŒ—äº¬ç‰©ä¸šç®¡ç†åˆ†å…¬å¸"
  trade_time: "2020-07-31 21:14:47"
  Liabilities:CreditCard:äº¤é€šé“¶è¡Œ4830  -1.00 CNY
  Unknown                           1.00 CNY

2020-07-31 * "è´§æ‹‰æ‹‰æ¬å®¶ç‰ˆ" "è´§æ‹‰æ‹‰æ¬å®¶è½¦è´¹"
  trade_time: "2020-07-31 17:10:35"
  Liabilities:CreditCard:äº¤é€šé“¶è¡Œ4830  -182.00 CNY
  Expenses:Housing:æ¬å®¶               182.00 CNY

2020-07-31 * "è´§æ‹‰æ‹‰ç”¨æˆ·" "è´§æ‹‰æ‹‰ç”¨æˆ·"
  trade_time: "2020-07-31 17:09:36"
  Liabilities:CreditCard:äº¤é€šé“¶è¡Œ4830  125.00 CNY

2020-07-31 * "è´§æ‹‰æ‹‰ç”¨æˆ·" "è´§æ‹‰æ‹‰æ¬å®¶è½¦è´¹"
  trade_time: "2020-07-31 14:29:55"
  Liabilities:CreditCard:äº¤é€šé“¶è¡Œ4830  -125.00 CNY
  Expenses:Housing:æ¬å®¶               125.00 CNY

2020-07-31 * "æ»´æ»´å‡ºè¡Œ" "æ»´æ»´å¿«è½¦-é™ˆå¸ˆå‚…"
  trade_time: "2020-07-31 14:03:51"
  Liabilities:CreditCard:äº¤é€šé“¶è¡Œ4830  -9.22 CNY
  Expenses:Transport:æ‰“è½¦             9.22 CNY

2020-07-31 * "ç²¤æ¸¯èŒ¶é¤å…" "MTDP-ç²¤æ¸¯èŒ¶é¤å…"
  trade_time: "2020-07-31 13:10:14"
  Liabilities:CreditCard:äº¤é€šé“¶è¡Œ4830  -29.00 CNY
  Expenses:Food                     29.00 CNY

2020-07-31 * "æ»´æ»´å‡ºè¡Œ" "æ»´æ»´ä¸“è½¦-æœ±å¸ˆå‚…"
  trade_time: "2020-07-31 10:04:17"
  Liabilities:CreditCard:äº¤é€šé“¶è¡Œ4830  -59.80 CNY
  Expenses:Transport:æ‰“è½¦             59.80 CNY

2020-07-30 * "æ»´æ»´å‡ºè¡Œ" "æ»´æ»´å¿«è½¦-æ­¦å¸ˆå‚…"
  trade_time: "2020-07-30 14:39:25"
  Liabilities:CreditCard:äº¤é€šé“¶è¡Œ4830  -9.04 CNY
  Expenses:Transport:æ‰“è½¦             9.04 CNY

2020-07-30 * "ç²¤æ¸¯èŒ¶é¤å…" "MTDP-ç²¤æ¸¯èŒ¶é¤å…"
  trade_time: "2020-07-30 12:13:23"
  Liabilities:CreditCard:äº¤é€šé“¶è¡Œ4830  -28.00 CNY
  Expenses:Food                     28.00 CNY

2020-07-30 * "æ»´æ»´å‡ºè¡Œ" "æ»´æ»´ä¸“è½¦-æå¸ˆå‚…"
  trade_time: "2020-07-30 10:00:24"
  Liabilities:CreditCard:äº¤é€šé“¶è¡Œ4830  -66.45 CNY
  Expenses:Transport:æ‰“è½¦             66.45 CNY

2020-07-29 * "æ»´æ»´å‡ºè¡Œ" "æ»´æ»´å¿«è½¦-ç™½å¸ˆå‚…"
  trade_time: "2020-07-29 21:41:45"
  Liabilities:CreditCard:äº¤é€šé“¶è¡Œ4830  -20.05 CNY
  Assets:Receivables:å…¬å¸æŠ¥é”€           20.05 CNY

2020-07-29 * "æ¤’å‚²å°‘å¹´â€¢é…¸èœé±¼@ç±³é¥­" "MTDP-æ¤’å‚²å°‘å¹´â€¢é…¸èœé±¼@ç±³é¥­"
  trade_time: "2020-07-29 18:35:16"
  Liabilities:CreditCard:äº¤é€šé“¶è¡Œ4830  -23.00 CNY
  Expenses:Food                     23.00 CNY

2020-07-29 * "ä½ æ¥æˆ‘å¾€ç¾é£Ÿå·¥åŠ" "ä½ æ¥æˆ‘å¾€ç¾é£Ÿå·¥åŠ-é”åˆ›å›½é™…åº—"
  trade_time: "2020-07-29 12:52:08"
  Liabilities:CreditCard:äº¤é€šé“¶è¡Œ4830  -19.00 CNY
  Expenses:Food                     19.00 CNY

2020-07-29 * "æ»´æ»´å‡ºè¡Œ" "æ»´æ»´ä¸“è½¦-ç‹å¸ˆå‚…"
  trade_time: "2020-07-29 09:35:25"
  Liabilities:CreditCard:äº¤é€šé“¶è¡Œ4830  -66.25 CNY
  Expenses:Transport:æ‰“è½¦             66.25 CNY

2020-07-28 * "æ»´æ»´å‡ºè¡Œ" "æ»´æ»´å¿«è½¦-ç‹å¸ˆå‚…"
  trade_time: "2020-07-28 21:23:51"
  Liabilities:CreditCard:äº¤é€šé“¶è¡Œ4830  -16.81 CNY
  Expenses:Transport:æ‰“è½¦             16.81 CNY

2020-07-28 * "ä½ æ¥æˆ‘å¾€ç¾é£Ÿå·¥åŠ" "ä½ æ¥æˆ‘å¾€ç¾é£Ÿå·¥åŠ-é”åˆ›å›½é™…åº—"
  trade_time: "2020-07-28 18:44:00"
  Liabilities:CreditCard:äº¤é€šé“¶è¡Œ4830  -9.00 CNY
  Expenses:Food                     9.00 CNY

2020-07-28 * "ä½ æ¥æˆ‘å¾€ç¾é£Ÿå·¥åŠ" "ä½ æ¥æˆ‘å¾€ç¾é£Ÿå·¥åŠ-é”åˆ›å›½é™…åº—"
  trade_time: "2020-07-28 12:41:39"
  Liabilities:CreditCard:äº¤é€šé“¶è¡Œ4830  -21.00 CNY
  Expenses:Food                     21.00 CNY

2020-07-28 * "æ»´æ»´å‡ºè¡Œ" "æ»´æ»´ä¸“è½¦-å®‹å¸ˆå‚…"
  trade_time: "2020-07-28 09:42:21"
  Liabilities:CreditCard:äº¤é€šé“¶è¡Œ4830  -79.00 CNY
  Expenses:Transport:æ‰“è½¦             79.00 CNY

2020-07-27 * "æ»´æ»´å‡ºè¡Œ" "æ»´æ»´å¿«è½¦-å†¯å¸ˆå‚…"
  trade_time: "2020-07-27 22:14:53"
  Liabilities:CreditCard:äº¤é€šé“¶è¡Œ4830  -20.47 CNY
  Expenses:Transport:æ‰“è½¦             20.47 CNY

2020-07-27 * "é¥ºå­å±‹" "MTDP-é¥ºå­å±‹"
  trade_time: "2020-07-27 18:21:07"
  Liabilities:CreditCard:äº¤é€šé“¶è¡Œ4830  -19.00 CNY
  Expenses:Food                     19.00 CNY

2020-07-27 * "ä½ æ¥æˆ‘å¾€ç¾é£Ÿå·¥åŠ" "ä½ æ¥æˆ‘å¾€ç¾é£Ÿå·¥åŠ-é”åˆ›å›½é™…åº—"
  trade_time: "2020-07-27 12:29:45"
  Liabilities:CreditCard:äº¤é€šé“¶è¡Œ4830  -21.00 CNY
  Expenses:Food                     21.00 CNY

2020-07-26 * "èŠ’æœç”µå•è½¦" "èŠ’æœç”µå•è½¦-ç¼´çº³æŠ¼é‡‘"
  trade_time: "2020-07-26 17:22:54"
  Liabilities:CreditCard:äº¤é€šé“¶è¡Œ4830  -299.00 CNY
  Assets:Receivables:æŠ¼é‡‘             299.00 CNY

2020-07-25 * "å¹¿å·éª‘å®‰" "å•è½¦"
  trade_time: "2020-07-25 16:45:46"
  Liabilities:CreditCard:äº¤é€šé“¶è¡Œ4830  -1.50 CNY
  Expenses:Transport:å•è½¦             1.50 CNY

2020-07-25 * "å¤§æ¥ " "æ”¶æ¬¾æ–¹å¤‡æ³¨:äºŒç»´ç æ”¶æ¬¾"
  trade_time: "2020-07-25 16:39:53"
  Assets:Cash:WeChat  -52.00 CNY
  Unknown              52.00 CNY

2020-07-25 * "å®‹åš" "/"
  trade_time: "2020-07-25 00:17:57"
  Assets:Cash:WeChat  -52.00 CNY

2020-07-24 * "æ»´æ»´å‡ºè¡Œ" "æ»´æ»´å¿«è½¦-æ¢å¸ˆå‚…"
  trade_time: "2020-07-24 21:39:20"
  Liabilities:CreditCard:äº¤é€šé“¶è¡Œ4830  -36.68 CNY
  Assets:Receivables:å…¬å¸æŠ¥é”€           36.68 CNY

2020-07-24 * "ä½ æ¥æˆ‘å¾€ç¾é£Ÿå·¥åŠ" "ä½ æ¥æˆ‘å¾€ç¾é£Ÿå·¥åŠ-é”åˆ›å›½é™…åº—"
  trade_time: "2020-07-24 12:35:09"
  Liabilities:CreditCard:äº¤é€šé“¶è¡Œ4830  -21.00 CNY
  Expenses:Food                     21.00 CNY

2020-07-24 * "ğŸŒ¸ ã€åœ†æ»šæ»š" "è½¬è´¦å¤‡æ³¨:å¾®ä¿¡è½¬è´¦"
  trade_time: "2020-07-24 12:19:38"
  Assets:Cash:WeChat  180.00 CNY

2020-07-24 * "å…¨æ—¶æ’ç”µå¤§å¦åº—" "å…¨æ—¶ä¾¿åˆ©-æœ›äº¬æ’ç”µå¤§å¦åº—"
  trade_time: "2020-07-24 11:03:38"
  Liabilities:CreditCard:äº¤é€šé“¶è¡Œ4830  -5.50 CNY
  Expenses:Food                     5.50 CNY

2020-07-24 * "æ»´æ»´å‡ºè¡Œ" "æ»´æ»´å¿«è½¦-åˆšå¸ˆå‚…"
  trade_time: "2020-07-24 09:53:50"
  Liabilities:CreditCard:äº¤é€šé“¶è¡Œ4830  -58.18 CNY
  Expenses:Transport:æ‰“è½¦             58.18 CNY

2020-07-23 * "æ»´æ»´å‡ºè¡Œ" "æ»´æ»´ä¸“è½¦-ä¸å¸ˆå‚…"
  trade_time: "2020-07-23 21:54:52"
  Liabilities:CreditCard:äº¤é€šé“¶è¡Œ4830  -64.15 CNY
  Assets:Receivables:å…¬å¸æŠ¥é”€           64.15 CNY

2020-07-23 * "Royal Teaçš‡èŒ¶ï¼ˆæœ›äº¬äº¬è¾‰å¤§å¦åº—ï¼‰" "MTDP-Royal Teaçš‡èŒ¶ï¼ˆæœ›äº¬é‡‘è¾‰å¤§å¦åº—ï¼‰"
  trade_time: "2020-07-23 18:54:47"
  Liabilities:CreditCard:äº¤é€šé“¶è¡Œ4830  -1.10 CNY
  Expenses:Food                     1.10 CNY

2020-07-23 * "ç¾å›¢ç‚¹è¯„" "ç¾å›¢è®¢å•-20072310100000000001970702596421"
  trade_time: "2020-07-23 18:53:32"
  Liabilities:CreditCard:äº¤é€šé“¶è¡Œ4830  -9.90 CNY
  Unknown                           9.90 CNY

2020-07-23 * "æ­å·å°ç¬¼åŒ…" "æ­å·å°ç¬¼åŒ…-é‡‘è¾‰å›½é™…åº—å¯å‘³ç¾é£Ÿå¹¿åœº"
  trade_time: "2020-07-23 18:30:34"
  Liabilities:CreditCard:äº¤é€šé“¶è¡Œ4830  -15.00 CNY
  Expenses:Food                     15.00 CNY

2020-07-23 * "ä½ æ¥æˆ‘å¾€ç¾é£Ÿå·¥åŠ" "ä½ æ¥æˆ‘å¾€ç¾é£Ÿå·¥åŠ-é”åˆ›å›½é™…åº—"
  trade_time: "2020-07-23 12:18:43"
  Liabilities:CreditCard:äº¤é€šé“¶è¡Œ4830  -19.00 CNY
  Expenses:Food                     19.00 CNY

2020-07-22 * "æ»´æ»´å‡ºè¡Œ" "æ»´æ»´å¿«è½¦-éŸ¦å¸ˆå‚…"
  trade_time: "2020-07-22 21:59:59"
  Liabilities:CreditCard:äº¤é€šé“¶è¡Œ4830  -29.48 CNY
  Assets:Receivables:å…¬å¸æŠ¥é”€           29.48 CNY

2020-07-22 * "æ·®æ‰¬èŸ" "MTDP-æ·®æ‰¬èŸ"
  trade_time: "2020-07-22 18:42:07"
  Liabilities:CreditCard:äº¤é€šé“¶è¡Œ4830  -19.00 CNY
  Expenses:Food                     19.00 CNY

2020-07-21 * "æ»´æ»´å‡ºè¡Œ" "æ»´æ»´å¿«è½¦-ç™½å¸ˆå‚…"
  trade_time: "2020-07-21 22:32:38"
  Liabilities:CreditCard:äº¤é€šé“¶è¡Œ4830  -56.88 CNY
  Assets:Receivables:å…¬å¸æŠ¥é”€           56.88 CNY

2020-07-21 * "æ»´æ»´å‡ºè¡Œ" "æ»´æ»´å¿«è½¦-åˆ˜å¸ˆå‚…"
  trade_time: "2020-07-21 21:23:08"
  Liabilities:CreditCard:äº¤é€šé“¶è¡Œ4830  -17.71 CNY
  Expenses:Transport:æ‰“è½¦             17.71 CNY

2020-07-21 * "ä½ æ¥æˆ‘å¾€ç¾é£Ÿå·¥åŠ" "ä½ æ¥æˆ‘å¾€ç¾é£Ÿå·¥åŠ-é”åˆ›å›½é™…åº—"
  trade_time: "2020-07-21 18:20:20"
  Liabilities:CreditCard:äº¤é€šé“¶è¡Œ4830  -16.00 CNY
  Expenses:Food                     16.00 CNY

2020-07-21 * "æ»´æ»´å‡ºè¡Œ" "æ»´æ»´å¿«è½¦-å°¹å¸ˆå‚…"
  trade_time: "2020-07-21 09:17:20"
  Liabilities:CreditCard:äº¤é€šé“¶è¡Œ4830  -39.00 CNY
  Expenses:Transport:æ‰“è½¦             39.00 CNY

2020-07-20 * "æ»´æ»´å‡ºè¡Œ" "æ»´æ»´å¿«è½¦-å¼ å¸ˆå‚…"
  trade_time: "2020-07-20 22:45:06"
  Liabilities:CreditCard:äº¤é€šé“¶è¡Œ4830  -16.41 CNY
  Assets:Receivables:å…¬å¸æŠ¥é”€           16.41 CNY

2020-07-20 * "ä½ æ¥æˆ‘å¾€ç¾é£Ÿå·¥åŠ" "ä½ æ¥æˆ‘å¾€ç¾é£Ÿå·¥åŠ-é”åˆ›å›½é™…åº—"
  trade_time: "2020-07-20 18:28:41"
  Liabilities:CreditCard:äº¤é€šé“¶è¡Œ4830  -21.00 CNY
  Expenses:Food                     21.00 CNY

2020-07-20 * "ä½ æ¥æˆ‘å¾€ç¾é£Ÿå·¥åŠ" "ä½ æ¥æˆ‘å¾€ç¾é£Ÿå·¥åŠ-é”åˆ›å›½é™…åº—"
  trade_time: "2020-07-20 12:05:57"
  Liabilities:CreditCard:äº¤é€šé“¶è¡Œ4830  -20.00 CNY
  Expenses:Food                     20.00 CNY

2020-07-20 * "æ»´æ»´å‡ºè¡Œ" "æ»´æ»´å¿«è½¦-ç‹å¸ˆå‚…"
  trade_time: "2020-07-20 09:41:47"
  Liabilities:CreditCard:äº¤é€šé“¶è¡Œ4830  -25.09 CNY
  Expenses:Transport:æ‰“è½¦             25.09 CNY

2020-07-19 * "äºŒå®è¶…å¸‚" "æ”¶æ¬¾æ–¹å¤‡æ³¨:äºŒç»´ç æ”¶æ¬¾"
  trade_time: "2020-07-19 19:54:48"
  Assets:Cash:WeChat  -3.00 CNY
  Expenses:Food        3.00 CNY

2020-07-19 * "æ¥ç”µç§‘æŠ€" "æ¥ç”µå…±äº«å……ç”µå®"
  trade_time: "2020-07-19 18:23:07"
  Liabilities:CreditCard:äº¤é€šé“¶è¡Œ4830  -4.00 CNY
  Unknown                           4.00 CNY

2020-07-17 * "å¹¿å·éª‘å®‰" "å•è½¦"
  trade_time: "2020-07-17 21:05:52"
  Liabilities:CreditCard:äº¤é€šé“¶è¡Œ4830  -1.50 CNY
  Expenses:Transport:å•è½¦             1.50 CNY

2020-07-17 * "åŸå¸‚çˆ±æƒ…éº»è¾£çƒ«" "åŸå¸‚çˆ±æƒ…éº»è¾£çƒ«"
  trade_time: "2020-07-17 19:11:04"
  Liabilities:CreditCard:äº¤é€šé“¶è¡Œ4830  -32.40 CNY
  Expenses:Food                     32.40 CNY

2020-07-17 * "æ·®æ‰¬èŸ" "MTDP-æ·®æ‰¬èŸ"
  trade_time: "2020-07-17 12:56:30"
  Liabilities:CreditCard:äº¤é€šé“¶è¡Œ4830  -19.00 CNY
  Expenses:Food                     19.00 CNY

2020-07-16 * "æ»´æ»´å‡ºè¡Œ" "æ»´æ»´ä¸“è½¦-å¼ å¸ˆå‚…"
  trade_time: "2020-07-16 22:05:10"
  Liabilities:CreditCard:äº¤é€šé“¶è¡Œ4830  -57.12 CNY
  Expenses:Transport:æ‰“è½¦             57.12 CNY

2020-07-16 * "ä½ æ¥æˆ‘å¾€" "æ”¶æ¬¾æ–¹å¤‡æ³¨:äºŒç»´ç æ”¶æ¬¾"
  trade_time: "2020-07-16 18:23:56"
  Assets:Cash:WeChat  -3.00 CNY
  Unknown              3.00 CNY

2020-07-16 * "ä½ æ¥æˆ‘å¾€ç¾é£Ÿå·¥åŠ" "ä½ æ¥æˆ‘å¾€ç¾é£Ÿå·¥åŠ-é”åˆ›å›½é™…åº—"
  trade_time: "2020-07-16 18:23:16"
  Liabilities:CreditCard:äº¤é€šé“¶è¡Œ4830  -21.00 CNY
  Expenses:Food                     21.00 CNY

2020-07-16 * "æ·®æ‰¬èŸ" "MTDP-æ·®æ‰¬èŸ"
  trade_time: "2020-07-16 13:28:03"
  Liabilities:CreditCard:äº¤é€šé“¶è¡Œ4830  -21.60 CNY
  Expenses:Food                     21.60 CNY

2020-07-16 * "å…¨æ—¶æ’ç”µå¤§å¦åº—" "å…¨æ—¶ä¾¿åˆ©-æœ›äº¬æ’ç”µå¤§å¦åº—"
  trade_time: "2020-07-16 09:06:13"
  Liabilities:CreditCard:äº¤é€šé“¶è¡Œ4830  -8.30 CNY
  Expenses:Food                     8.30 CNY

2020-07-15 * "æ»´æ»´å‡ºè¡Œ" "æ»´æ»´å¿«è½¦-ä¸å¸ˆå‚…"
  trade_time: "2020-07-15 22:36:08"
  Liabilities:CreditCard:äº¤é€šé“¶è¡Œ4830  -17.32 CNY
  Assets:Receivables:å…¬å¸æŠ¥é”€           17.32 CNY

2020-07-15 * "åŸæ±ç‰›è‚‰" "MTDP-åŸæ±ç‰›è‚‰"
  trade_time: "2020-07-15 18:41:05"
  Liabilities:CreditCard:äº¤é€šé“¶è¡Œ4830  -19.00 CNY
  Expenses:Food                     19.00 CNY

2020-07-15 * "ä½ æ¥æˆ‘å¾€" "æ”¶æ¬¾æ–¹å¤‡æ³¨:äºŒç»´ç æ”¶æ¬¾"
  trade_time: "2020-07-15 12:51:05"
  Assets:Cash:WeChat  -5.00 CNY
  Unknown              5.00 CNY

2020-07-15 * "ä½ æ¥æˆ‘å¾€ç¾é£Ÿå·¥åŠ" "ä½ æ¥æˆ‘å¾€ç¾é£Ÿå·¥åŠ-é”åˆ›å›½é™…åº—"
  trade_time: "2020-07-15 12:50:00"
  Liabilities:CreditCard:äº¤é€šé“¶è¡Œ4830  -15.00 CNY
  Expenses:Food                     15.00 CNY

2020-07-15 * "å…¨æ—¶æ’ç”µå¤§å¦åº—" "å…¨æ—¶ä¾¿åˆ©-æœ›äº¬æ’ç”µå¤§å¦åº—"
  trade_time: "2020-07-15 10:35:59"
  Liabilities:CreditCard:äº¤é€šé“¶è¡Œ4830  -8.30 CNY
  Expenses:Food                     8.30 CNY

2020-07-14 * "æ»´æ»´å‡ºè¡Œ" "æ»´æ»´å¿«è½¦-æ¢…å¸ˆå‚…"
  trade_time: "2020-07-14 22:55:22"
  Liabilities:CreditCard:äº¤é€šé“¶è¡Œ4830  -31.87 CNY
  Assets:Receivables:å…¬å¸æŠ¥é”€           31.87 CNY

2020-07-14 * "æ»´æ»´å‡ºè¡Œ" "æ»´æ»´å¿«è½¦-æ±ªå¸ˆå‚…"
  trade_time: "2020-07-14 21:37:54"
  Liabilities:CreditCard:äº¤é€šé“¶è¡Œ4830  -17.91 CNY
  Assets:Receivables:å…¬å¸æŠ¥é”€           17.91 CNY

2020-07-14 * "é™•è¥¿biangbiangé¢äº‘å—è¿‡æ¡¥ç±³çº¿" "é™•è¥¿biangbiangé¢äº‘å—è¿‡æ¡¥ç±³çº¿-é”åˆ›å›½é™…åº—"
  trade_time: "2020-07-14 19:06:27"
  Liabilities:CreditCard:äº¤é€šé“¶è¡Œ4830  -18.00 CNY
  Unknown                           18.00 CNY

2020-07-14 * "ä½ æ¥æˆ‘å¾€" "æ”¶æ¬¾æ–¹å¤‡æ³¨:äºŒç»´ç æ”¶æ¬¾"
  trade_time: "2020-07-14 19:04:08"
  Assets:Cash:WeChat  -5.00 CNY
  Unknown              5.00 CNY

2020-07-14 * "ä½ æ¥æˆ‘å¾€ç¾é£Ÿå·¥åŠ" "ä½ æ¥æˆ‘å¾€ç¾é£Ÿå·¥åŠ-é”åˆ›å›½é™…åº—"
  trade_time: "2020-07-14 12:28:52"
  Liabilities:CreditCard:äº¤é€šé“¶è¡Œ4830  -19.00 CNY
  Expenses:Food                     19.00 CNY

2020-07-14 * "æ»´æ»´å‡ºè¡Œ" "æ»´æ»´ä¸“è½¦-èƒ¡å¸ˆå‚…"
  trade_time: "2020-07-14 09:46:29"
  Liabilities:CreditCard:äº¤é€šé“¶è¡Œ4830  -49.20 CNY
  Expenses:Transport:æ‰“è½¦             49.20 CNY

2020-07-14 * "YHuang" "/"
  trade_time: "2020-07-14 00:22:34"
  Assets:Cash:WeChat  0.29 CNY

2020-07-13 * "æ»´æ»´å‡ºè¡Œ" "æ»´æ»´å¿«è½¦-æå¸ˆå‚…"
  trade_time: "2020-07-13 23:10:18"
  Liabilities:CreditCard:äº¤é€šé“¶è¡Œ4830  -15.81 CNY
  Expenses:Transport:æ‰“è½¦             15.81 CNY

2020-07-13 * "æ·®æ‰¬èŸ" "MTDP-æ·®æ‰¬èŸ"
  trade_time: "2020-07-13 18:17:54"
  Liabilities:CreditCard:äº¤é€šé“¶è¡Œ4830  -19.00 CNY
  Expenses:Food                     19.00 CNY

2020-07-13 * "æ¤’å‚²å°‘å¹´ç±³çº¿" "MTDP-æ¤’å‚²å°‘å¹´ç±³çº¿"
  trade_time: "2020-07-13 12:48:12"
  Liabilities:CreditCard:äº¤é€šé“¶è¡Œ4830  -23.00 CNY
  Expenses:Food                     23.00 CNY

2020-07-12 * "è‚¯å¾·åŸº" "KFC_MALLNEWWXKZJ905015892333"
  trade_time: "2020-07-12 14:16:08"
  Liabilities:CreditCard:äº¤é€šé“¶è¡Œ4830  -8.80 CNY
  Unknown                           8.80 CNY

2020-07-12 * "èœœèœ‚å‡ºè¡Œ" "ç”¨æˆ·éª‘è¡Œç”¨è½¦"
  trade_time: "2020-07-12 12:47:56"
  Liabilities:CreditCard:äº¤é€šé“¶è¡Œ4830  -3.00 CNY
  Unknown                           3.00 CNY

2020-07-11 * "ä¸Šæµ·ä½•å‹‡ä¼ä¸šç®¡ç†æœ‰é™å…¬å¸" "æ”¯ä»˜ç 321336å‰ªèŠ±å¨˜å­åŒ—äº¬æœ›äº¬å‡¯å¾·é¤å…å¾®ä¿¡é¤å…(6848179376601702456)"
  trade_time: "2020-07-11 19:13:42"
  Liabilities:CreditCard:äº¤é€šé“¶è¡Œ4830  -44.00 CNY
  Expenses:Food                     44.00 CNY

2020-07-11 * "é˜¿èŠ®çƒ¤é¸¡çˆª" "é˜¿èŠ®çƒ¤é¸¡çˆªæœ›äº¬åº—-æ‰«ç ä»˜-YY00301-200711-01101822"
  trade_time: "2020-07-11 18:23:38"
  Liabilities:CreditCard:äº¤é€šé“¶è¡Œ4830  -45.00 CNY
  Unknown                           45.00 CNY

2020-07-11 * "å’Œåˆè°·" "è®¢å•æ—¥æœŸï¼š20200711114324 è®¢å•æœºæ„ï¼š100 è®¢å•ç±»å‹ï¼šæ¶ˆè´¹"
  trade_time: "2020-07-11 11:43:26"
  Liabilities:CreditCard:äº¤é€šé“¶è¡Œ4830  -37.80 CNY
  Expenses:Food                     37.80 CNY

2020-07-10 * "æ»´æ»´å‡ºè¡Œ" "æ»´æ»´ä¸“è½¦-æ›¹å¸ˆå‚…"
  trade_time: "2020-07-10 21:34:42"
  Liabilities:CreditCard:äº¤é€šé“¶è¡Œ4830  -50.64 CNY
  Assets:Receivables:å…¬å¸æŠ¥é”€           50.64 CNY

2020-07-10 * "æ”¾é£å¿ƒæƒ…" "æ”¶æ¬¾æ–¹å¤‡æ³¨:äºŒç»´ç æ”¶æ¬¾"
  trade_time: "2020-07-10 18:46:13"
  Assets:Cash:WeChat  -5.00 CNY
  Unknown              5.00 CNY

2020-07-10 * "å®¶çš„å‘³é“" "å®¶çš„å‘³é“-é”åˆ›å›½é™…åº—"
  trade_time: "2020-07-10 18:40:51"
  Liabilities:CreditCard:äº¤é€šé“¶è¡Œ4830  -16.00 CNY
  Unknown                           16.00 CNY

2020-07-09 * "ä½ æ¥æˆ‘å¾€ç¾é£Ÿå·¥åŠ" "ä½ æ¥æˆ‘å¾€ç¾é£Ÿå·¥åŠ-é”åˆ›å›½é™…åº—"
  trade_time: "2020-07-09 18:31:33"
  Liabilities:CreditCard:äº¤é€šé“¶è¡Œ4830  -19.00 CNY
  Expenses:Food                     19.00 CNY

2020-07-09 * "æ»´æ»´å‡ºè¡Œ" "æ»´æ»´å¿«è½¦-æœ±å¸ˆå‚…"
  trade_time: "2020-07-09 13:14:20"
  Liabilities:CreditCard:äº¤é€šé“¶è¡Œ4830  -17.91 CNY
  Expenses:Transport:æ‰“è½¦             17.91 CNY

2020-07-09 * "æ·®æ‰¬èŸ" "MTDP-æ·®æ‰¬èŸ"
  trade_time: "2020-07-09 12:34:58"
  Liabilities:CreditCard:äº¤é€šé“¶è¡Œ4830  -19.00 CNY
  Expenses:Food                     19.00 CNY

2020-07-09 * "æ»´æ»´å‡ºè¡Œ" "æ»´æ»´ä¸“è½¦-é—«å¸ˆå‚…"
  trade_time: "2020-07-09 09:39:14"
  Liabilities:CreditCard:äº¤é€šé“¶è¡Œ4830  -58.80 CNY
  Expenses:Transport:æ‰“è½¦             58.80 CNY

2020-07-08 * "æ»´æ»´å‡ºè¡Œ" "æ»´æ»´å¿«è½¦-æå¸ˆå‚…"
  trade_time: "2020-07-08 21:44:50"
  Liabilities:CreditCard:äº¤é€šé“¶è¡Œ4830  -18.08 CNY
  Assets:Receivables:å…¬å¸æŠ¥é”€           18.08 CNY

2020-07-08 * "No.13" "MTDP-æ˜ŸæœˆNo.13"
  trade_time: "2020-07-08 19:59:22"
  Liabilities:CreditCard:äº¤é€šé“¶è¡Œ4830  -35.00 CNY
  Expenses:Food                     35.00 CNY

2020-07-08 * "æ·®æ‰¬èŸ" "MTDP-æ·®æ‰¬èŸ"
  trade_time: "2020-07-08 12:47:30"
  Liabilities:CreditCard:äº¤é€šé“¶è¡Œ4830  -24.00 CNY
  Expenses:Food                     24.00 CNY

2020-07-08 * "æ»´æ»´å‡ºè¡Œ" "æ»´æ»´ä¸“è½¦-å®‰å¸ˆå‚…"
  trade_time: "2020-07-08 09:45:00"
  Liabilities:CreditCard:äº¤é€šé“¶è¡Œ4830  -49.12 CNY
  Expenses:Transport:æ‰“è½¦             49.12 CNY

2020-07-07 * "æ»´æ»´å‡ºè¡Œ" "æ»´æ»´å¿«è½¦-é‚“å¸ˆå‚…"
  trade_time: "2020-07-07 22:50:06"
  Liabilities:CreditCard:äº¤é€šé“¶è¡Œ4830  -9.04 CNY
  Assets:Receivables:å…¬å¸æŠ¥é”€           9.04 CNY

2020-07-07 * "ä½ æ¥æˆ‘å¾€ç¾é£Ÿå·¥åŠ" "ä½ æ¥æˆ‘å¾€ç¾é£Ÿå·¥åŠ-é”åˆ›å›½é™…åº—"
  trade_time: "2020-07-07 18:24:13"
  Liabilities:CreditCard:äº¤é€šé“¶è¡Œ4830  -12.00 CNY
  Expenses:Food                     12.00 CNY

2020-07-07 * "No.13" "MTDP-æ˜ŸæœˆNo.13"
  trade_time: "2020-07-07 13:03:20"
  Liabilities:CreditCard:äº¤é€šé“¶è¡Œ4830  -35.00 CNY
  Expenses:Food                     35.00 CNY

2020-07-07 * "æ»´æ»´å‡ºè¡Œ" "æ»´æ»´ä¸“è½¦-ç¨‹å¸ˆå‚…"
  trade_time: "2020-07-07 10:20:52"
  Liabilities:CreditCard:äº¤é€šé“¶è¡Œ4830  -47.68 CNY
  Expenses:Transport:æ‰“è½¦             47.68 CNY

2020-07-06 * "æ»´æ»´å‡ºè¡Œ" "æ»´æ»´å¿«è½¦-ç‹å¸ˆå‚…"
  trade_time: "2020-07-06 21:37:55"
  Liabilities:CreditCard:äº¤é€šé“¶è¡Œ4830  -34.87 CNY
  Assets:Receivables:å…¬å¸æŠ¥é”€           34.87 CNY

2020-07-06 * "æ·®æ‰¬èŸ" "MTDP-æ·®æ‰¬èŸ"
  trade_time: "2020-07-06 13:06:26"
  Liabilities:CreditCard:äº¤é€šé“¶è¡Œ4830  -21.60 CNY
  Expenses:Food                     21.60 CNY

2020-07-06 * "å¥½é€‚å£é¤é¥®ç®¡ç†æœ‰é™å…¬å¸" "24æ˜å¤©ç¬¬ä¸€åŸåº—-æ‰«ç ä»˜-YY03501-200706-00600916"
  trade_time: "2020-07-06 09:18:23"
  Liabilities:CreditCard:äº¤é€šé“¶è¡Œ4830  -18.80 CNY
  Expenses:Food                     18.80 CNY

2020-07-04 * "è¡—ç”µç§‘æŠ€" "è¡—ç”µå……ç”µå®å…æŠ¼ç§Ÿå€Ÿè®¢å•"
  trade_time: "2020-07-04 21:52:16"
  Assets:Bank:ä¸­å›½é“¶è¡Œ1886  -6.00 CNY
  Unknown                6.00 CNY

2020-07-04 * "åŒ—äº¬éº¦å½“åŠ³é£Ÿå“æœ‰é™å…¬å¸" "åŒ—äº¬éº¦å½“åŠ³é£Ÿå“æœ‰é™å…¬å¸"
  trade_time: "2020-07-04 20:13:02"
  Liabilities:CreditCard:äº¤é€šé“¶è¡Œ4830  -6.00 CNY
  Expenses:Food                     6.00 CNY

2020-07-04 * "è‡ªåŠ¨å®" "å•†å“21"
  trade_time: "2020-07-04 17:06:32"
  Liabilities:CreditCard:äº¤é€šé“¶è¡Œ4830  -3.00 CNY
  Unknown                           3.00 CNY

2020-07-02 * "å®¶çš„å‘³é“" "å®¶çš„å‘³é“-é”åˆ›å›½é™…åº—"
  trade_time: "2020-07-02 19:01:25"
  Liabilities:CreditCard:äº¤é€šé“¶è¡Œ4830  -10.00 CNY
  Unknown                           10.00 CNY

2020-07-02 * "ä½ æ¥æˆ‘å¾€ç¾é£Ÿå·¥åŠ" "ä½ æ¥æˆ‘å¾€ç¾é£Ÿå·¥åŠ-é”åˆ›å›½é™…åº—"
  trade_time: "2020-07-02 12:08:00"
  Liabilities:CreditCard:äº¤é€šé“¶è¡Œ4830  -19.00 CNY
  Expenses:Food                     19.00 CNY

2020-07-01 * "æ»´æ»´å‡ºè¡Œ" "æ»´æ»´å¿«è½¦-å¼ å¸ˆå‚…"
  trade_time: "2020-07-01 18:01:17"
  Liabilities:CreditCard:äº¤é€šé“¶è¡Œ4830  -19.27 CNY
  Expenses:Transport:æ‰“è½¦             19.27 CNY
