
2020-09-30 * "é¾ä½³" "/"
  trade_time: "2020-09-30 23:39:29"
  Assets:Bank:å¾®ä¿¡é’±åŒ…   0.78 CNY
  Income:Other:æ”¶çº¢åŒ…  -0.78 CNY

2020-09-30 * "ä½™å²³" "/"
  trade_time: "2020-09-30 23:33:15"
  Assets:Bank:å¾®ä¿¡é’±åŒ…   0.96 CNY
  Income:Other:æ”¶çº¢åŒ…  -0.96 CNY

2020-09-30 * "ä»Ÿå‰è¥¿é¥¼" "æ­¦æ±‰é”¦ç»£é¾™åŸåº—é—¨å…æ¡ç æ”¯ä»˜"
  trade_time: "2020-09-30 20:21:59"
  Liabilities:CreditCard:äº¤é€šé“¶è¡Œ4830  -5.5 CNY
  Expenses:Food:æ—¥å¸¸åƒå–                5.5 CNY

2020-09-30 * "æ…•è‡£ä¾¿åˆ©é”¦ç»£é¾™åŸåº—" "æ”¶æ¬¾æ–¹å¤‡æ³¨:äºŒç»´ç æ”¶æ¬¾"
  trade_time: "2020-09-30 19:57:47"
  Assets:Bank:å¾®ä¿¡é’±åŒ…    -2 CNY
  Expenses:Food:æ—¥å¸¸åƒå–   2 CNY

2020-09-30 * "å»–è®°æ£’æ£’é¸¡" "å»–è®°æ£’æ£’é¸¡ï¼ˆé”¦ç»£é¾™åŸåº—ï¼‰-æ¡ç æ”¯ä»˜"
  trade_time: "2020-09-30 18:43:18"
  Liabilities:CreditCard:äº¤é€šé“¶è¡Œ4830  -74.3 CNY
  Expenses:Food:æ—¥å¸¸åƒå–                74.3 CNY

2020-09-30 * "å’Œç‚è®°è€å­—å·ç‰›è‚‰ç²‰é¢é¾™åŸè·¯åº—" "å’Œç‚è®°è€å­—å·ç‰›è‚‰ç²‰é¢æ­¦æ±‰é¾™åŸè·¯åº—"
  trade_time: "2020-09-30 07:37:12"
  Liabilities:CreditCard:äº¤é€šé“¶è¡Œ4830  -8.5 CNY
  Expenses:Food:æ—¥å¸¸åƒå–                8.5 CNY

2020-09-29 * "æ»´æ»´å‡ºè¡Œ" "æ»´æ»´æ‰“è½¦-å•å¸ˆå‚…"
  trade_time: "2020-09-29 23:30:35"
  Liabilities:CreditCard:æ‹›å•†é“¶è¡Œ9619  -58.5 CNY
  Expenses:Transport:æ‰“è½¦             58.5 CNY

2020-09-29 * "ç²¤æ¸¯èŒ¶é¤å…" "MTDP-ç²¤æ¸¯èŒ¶é¤å…"
  trade_time: "2020-09-29 13:01:08"
  Liabilities:CreditCard:äº¤é€šé“¶è¡Œ4830  -28 CNY
  Expenses:Food:æ—¥å¸¸åƒå–                28 CNY

2020-09-29 * "åŒ—äº¬çˆ±å®¶è¥ä¼ä¸šç®¡ç†æœ‰é™å…¬å¸" "åŒ—äº¬çˆ±å®¶è¥ä¼ä¸šç®¡ç†æœ‰é™å…¬å¸"
  trade_time: "2020-09-29 12:10:41"
  Liabilities:CreditCard:æ‹›å•†é“¶è¡Œ9619  -3200 CNY
  Expenses:Housing:æˆ¿ç§Ÿ               3200 CNY

2020-09-29 * "ä¼—å®¢é£ŸåŠ" "ä¼—å®¢é£ŸåŠ-é‡‘è¾‰å›½é™…åº—å¯å‘³ç¾é£Ÿå¹¿åœº"
  trade_time: "2020-09-29 10:14:59"
  Liabilities:CreditCard:äº¤é€šé“¶è¡Œ4830  -13 CNY
  Expenses:Food:æ—¥å¸¸åƒå–                13 CNY

2020-09-29 * "æ»´æ»´å‡ºè¡Œ" "æ»´æ»´æ‰“è½¦-å¼ å¸ˆå‚…"
  trade_time: "2020-09-29 09:37:47"
  Liabilities:CreditCard:æ‹›å•†é“¶è¡Œ9619  -10 CNY
  Expenses:Transport:æ‰“è½¦             10 CNY

2020-09-28 * "é™•å‘³å°è±¡.æ²¹æ³¼é¢" "æ€»å…±æ¶ˆè´¹:25.0"
  trade_time: "2020-09-28 18:21:50"
  Liabilities:CreditCard:æ‹›å•†é“¶è¡Œ9619  -25 CNY
  Expenses:Food:æ—¥å¸¸åƒå–                25 CNY

2020-09-28 * "ä¼—å®¢é£ŸåŠ" "ä¼—å®¢é£ŸåŠ-é‡‘è¾‰å›½é™…åº—å¯å‘³ç¾é£Ÿå¹¿åœº"
  trade_time: "2020-09-28 09:57:03"
  Liabilities:CreditCard:äº¤é€šé“¶è¡Œ4830  -4 CNY
  Expenses:Food:æ—¥å¸¸åƒå–                4 CNY

2020-09-28 * "é›„å®‰é¤é¥®" "çªçªæ”¯ä»˜_ç”˜ç²®(é‡‘è¾‰å¤§å¦åº—)_ç”˜ç²®æ—©é¤_1489"
  trade_time: "2020-09-28 09:56:16"
  Liabilities:CreditCard:æ‹›å•†é“¶è¡Œ9619  -8.5 CNY
  Expenses:Food:æ—¥å¸¸åƒå–                8.5 CNY

2020-09-27 * "å’Œç‰›é“æ¿çƒ§" "MTDP-å’Œç‰›é“æ¿çƒ§"
  trade_time: "2020-09-27 18:01:53"
  Liabilities:CreditCard:æ‹›å•†é“¶è¡Œ9619  -20 CNY
  Expenses:Food:æ—¥å¸¸åƒå–                20 CNY

2020-09-27 * "æ¤’ç¾" "ç¾å›¢ç‚¹è¯„ç‚¹é¤è®¢å•-0927253547622"
  trade_time: "2020-09-27 12:53:32"
  Liabilities:CreditCard:æ‹›å•†é“¶è¡Œ9619  -26 CNY
  Expenses:Food:æ—¥å¸¸åƒå–                26 CNY

2020-09-27 * "ä¼—å®¢é£ŸåŠ" "ä¼—å®¢é£ŸåŠ-é‡‘è¾‰å›½é™…åº—å¯å‘³ç¾é£Ÿå¹¿åœº"
  trade_time: "2020-09-27 10:17:24"
  Liabilities:CreditCard:äº¤é€šé“¶è¡Œ4830  -4 CNY
  Expenses:Food:æ—¥å¸¸åƒå–                4 CNY

2020-09-27 * "é›„å®‰é¤é¥®" "çªçªæ”¯ä»˜_ç”˜ç²®(é‡‘è¾‰å¤§å¦åº—)_ç”˜ç²®æ—©é¤_1466"
  trade_time: "2020-09-27 10:16:51"
  Liabilities:CreditCard:æ‹›å•†é“¶è¡Œ9619  -5.7 CNY
  Expenses:Food:æ—¥å¸¸åƒå–                5.7 CNY

2020-09-26 * "é€Ÿç»¿å……ç”µ" "é€Ÿç»¿å…æŠ¼ç§Ÿå€Ÿå……ç”µå®"
  trade_time: "2020-09-26 19:23:15"
  Liabilities:CreditCard:æ‹›å•†é“¶è¡Œ9619  -3 CNY
  Expenses:Consumption:å……ç”µå®          3 CNY

2020-09-26 * "è‚¯å¾·åŸº" "KFC_PREWXPBJN4981601084403516152127"
  trade_time: "2020-09-26 09:40:11"
  Liabilities:CreditCard:æ‹›å•†é“¶è¡Œ9619  -16 CNY
  Expenses:Food:æ—¥å¸¸åƒå–                16 CNY

2020-09-25 * "ç¾å›¢/å¤§ä¼—ç‚¹è¯„" "ç¾å›¢å……ç”µå®"
  trade_time: "2020-09-25 22:08:40"
  Liabilities:CreditCard:äº¤é€šé“¶è¡Œ4830  -6 CNY
  Expenses:Consumption:å……ç”µå®          6 CNY

2020-09-25 * "Apple" "App Store & Apple Music: äº 09.25å®Œæˆçš„è´­ä¹°@å“”å“©å“”å“©é¦–æœˆä¼šå‘˜"
  trade_time: "2020-09-25 19:53:07"
  Assets:Bank:å¾®ä¿¡é’±åŒ…             -9 CNY
  Expenses:Consumption:è½¯ä»¶è®¢é˜…è´­ä¹°   9 CNY

2020-09-25 * "æ¤’ç¾" "ç¾å›¢æ”¶é“¶739071504494473216"
  trade_time: "2020-09-25 19:42:02"
  Liabilities:CreditCard:äº¤é€šé“¶è¡Œ4830  -29 CNY
  Expenses:Food:æ—¥å¸¸åƒå–                29 CNY

2020-09-25 * "å‹å®" "ç™¾å²å±±çŸ¿æ³‰æ°´570ml"
  trade_time: "2020-09-25 16:51:31"
  Liabilities:CreditCard:æ‹›å•†é“¶è¡Œ9619  -3 CNY
  Expenses:Food:æ—¥å¸¸åƒå–                3 CNY

2020-09-25 * "å‹å®" "ç™¾å²å±±çŸ¿æ³‰æ°´570ml"
  trade_time: "2020-09-25 16:51:11"
  Liabilities:CreditCard:æ‹›å•†é“¶è¡Œ9619  -3 CNY
  Expenses:Favor:åŒäº‹äººæƒ…               3 CNY

2020-09-25 * "å‹å®" "ç™¾å²å±±çŸ¿æ³‰æ°´570ml"
  trade_time: "2020-09-25 16:50:43"
  Liabilities:CreditCard:æ‹›å•†é“¶è¡Œ9619  -3 CNY
  Expenses:Favor:åŒäº‹äººæƒ…               3 CNY

2020-09-25 * "å‹å®" "ç™¾å²å±±çŸ¿æ³‰æ°´570ml"
  trade_time: "2020-09-25 16:50:22"
  Liabilities:CreditCard:æ‹›å•†é“¶è¡Œ9619  -3 CNY
  Expenses:Favor:åŒäº‹äººæƒ…               3 CNY

2020-09-25 * "å‹å®" "ç™¾å²å±±çŸ¿æ³‰æ°´570ml"
  trade_time: "2020-09-25 16:49:46"
  Liabilities:CreditCard:æ‹›å•†é“¶è¡Œ9619  -3 CNY
  Expenses:Favor:åŒäº‹äººæƒ…               3 CNY

2020-09-25 * "æ¤’ç¾" "ç¾å›¢ç‚¹è¯„ç‚¹é¤è®¢å•-0925203271514"
  trade_time: "2020-09-25 12:48:19"
  Liabilities:CreditCard:æ‹›å•†é“¶è¡Œ9619  -26 CNY
  Expenses:Food:æ—¥å¸¸åƒå–                26 CNY

2020-09-25 * "ä¼—å®¢é£ŸåŠ" "ä¼—å®¢é£ŸåŠ-é‡‘è¾‰å›½é™…åº—å¯å‘³ç¾é£Ÿå¹¿åœº"
  trade_time: "2020-09-25 10:14:57"
  Liabilities:CreditCard:äº¤é€šé“¶è¡Œ4830  -4 CNY
  Expenses:Food:æ—¥å¸¸åƒå–                4 CNY

2020-09-25 * "é›„å®‰é¤é¥®" "çªçªæ”¯ä»˜_ç”˜ç²®(é‡‘è¾‰å¤§å¦åº—)_ç”˜ç²®æ—©é¤_0992"
  trade_time: "2020-09-25 10:14:12"
  Liabilities:CreditCard:æ‹›å•†é“¶è¡Œ9619  -6 CNY
  Expenses:Food:æ—¥å¸¸åƒå–                6 CNY

2020-09-24 * "æ¤’ç¾" "ç¾å›¢ç‚¹è¯„ç‚¹é¤è®¢å•-0924144428504"
  trade_time: "2020-09-24 18:25:23"
  Liabilities:CreditCard:æ‹›å•†é“¶è¡Œ9619  -32 CNY
  Expenses:Food:æ—¥å¸¸åƒå–                32 CNY

2020-09-24 * "ä¼—å®¢é£ŸåŠ" "ä¼—å®¢é£ŸåŠ-é‡‘è¾‰å›½é™…åº—å¯å‘³ç¾é£Ÿå¹¿åœº"
  trade_time: "2020-09-24 10:03:25"
  Liabilities:CreditCard:äº¤é€šé“¶è¡Œ4830  -4 CNY
  Expenses:Food:æ—¥å¸¸åƒå–                4 CNY

2020-09-24 * "é›„å®‰é¤é¥®" "çªçªæ”¯ä»˜_ç”˜ç²®(é‡‘è¾‰å¤§å¦åº—)_ç”˜ç²®æ—©é¤_1786"
  trade_time: "2020-09-24 10:02:30"
  Liabilities:CreditCard:æ‹›å•†é“¶è¡Œ9619  -6 CNY
  Expenses:Food:æ—¥å¸¸åƒå–                6 CNY

2020-09-23 * "æ»´æ»´å‡ºè¡Œ" "æ»´æ»´æ‰“è½¦-èµµå¸ˆå‚…"
  trade_time: "2020-09-23 23:11:56"
  Liabilities:CreditCard:æ‹›å•†é“¶è¡Œ9619  -87 CNY
  Assets:Receivables:å…¬å¸æŠ¥é”€           87 CNY

2020-09-23 * "æœ¬å®¶éŸ©å›½æ–™ç†ï¼ˆæœ›äº¬åº—ï¼‰" "æ€»å…±æ¶ˆè´¹:121.0@è’‹æœ‹ã€å£«å³° "
  trade_time: "2020-09-23 19:09:51"
  Liabilities:CreditCard:æ‹›å•†é“¶è¡Œ9619  -121 CNY
  Expenses:Favor:åŒäº‹äººæƒ…               121 CNY

2020-09-23 * "ç²¤æ¸¯èŒ¶é¤å…" "MTDP-ç²¤æ¸¯èŒ¶é¤å…"
  trade_time: "2020-09-23 12:07:17"
  Liabilities:CreditCard:äº¤é€šé“¶è¡Œ4830  -28 CNY
  Expenses:Food:æ—¥å¸¸åƒå–                28 CNY

2020-09-23 * "ä¼—å®¢é£ŸåŠ" "ä¼—å®¢é£ŸåŠ-é‡‘è¾‰å›½é™…åº—å¯å‘³ç¾é£Ÿå¹¿åœº"
  trade_time: "2020-09-23 10:10:02"
  Liabilities:CreditCard:äº¤é€šé“¶è¡Œ4830  -4 CNY
  Expenses:Food:æ—¥å¸¸åƒå–                4 CNY

2020-09-23 * "é›„å®‰é¤é¥®" "çªçªæ”¯ä»˜_ç”˜ç²®(é‡‘è¾‰å¤§å¦åº—)_ç”˜ç²®æ—©é¤_8764"
  trade_time: "2020-09-23 10:06:12"
  Liabilities:CreditCard:æ‹›å•†é“¶è¡Œ9619  -6 CNY
  Expenses:Food:æ—¥å¸¸åƒå–                6 CNY

2020-09-23 * "æä¸‡å¿ 530" "æ”¶æ¬¾æ–¹å¤‡æ³¨:äºŒç»´ç æ”¶æ¬¾"
  trade_time: "2020-09-23 09:32:01"
  Assets:Bank:å¾®ä¿¡é’±åŒ…       -5 CNY
  Expenses:Transport:æ‰“è½¦   5 CNY

2020-09-22 * "3å·æ¥¼108è¶…å¸‚" "æ”¶æ¬¾æ–¹å¤‡æ³¨:äºŒç»´ç æ”¶æ¬¾"
  trade_time: "2020-09-22 14:27:55"
  Assets:Bank:å¾®ä¿¡é’±åŒ…    -30.6 CNY
  Expenses:Food:æ—¥å¸¸åƒå–   30.6 CNY

2020-09-21 * "3å·æ¥¼108è¶…å¸‚" "æ”¶æ¬¾æ–¹å¤‡æ³¨:äºŒç»´ç æ”¶æ¬¾"
  trade_time: "2020-09-21 21:44:37"
  Assets:Bank:å¾®ä¿¡é’±åŒ…    -2 CNY
  Expenses:Food:æ—¥å¸¸åƒå–   2 CNY

2020-09-21 * "é›„å®‰é¤é¥®" "çªçªæ”¯ä»˜_ç”˜ç²®(é‡‘è¾‰å¤§å¦åº—)_ç”˜ç²®æ—©é¤_6540"
  trade_time: "2020-09-21 10:32:16"
  Liabilities:CreditCard:æ‹›å•†é“¶è¡Œ9619  -1 CNY
  Expenses:Food:æ—¥å¸¸åƒå–                1 CNY

2020-09-21 * "å‡ºç§Ÿè½¦.15910450485" "æ”¶æ¬¾æ–¹å¤‡æ³¨:äºŒç»´ç æ”¶æ¬¾"
  trade_time: "2020-09-21 09:57:04"
  Assets:Bank:å¾®ä¿¡é’±åŒ…       -10 CNY
  Expenses:Transport:æ‰“è½¦   10 CNY

2020-09-20 * "èµµé“¶çº¢" " "
  trade_time: "2020-09-20 20:08:24"
  Assets:Bank:å¾®ä¿¡é’±åŒ…    -38 CNY
  Expenses:Food:æ—¥å¸¸åƒå–   38 CNY

2020-09-20 * "è‚¯å¾·åŸº" "KFC_PREWXPBJN4981600597015909237813"
  trade_time: "2020-09-20 18:17:04"
  Liabilities:CreditCard:æ‹›å•†é“¶è¡Œ9619  -38 CNY
  Expenses:Food:æ—¥å¸¸åƒå–                38 CNY

2020-09-18 * "æ»´æ»´å‡ºè¡Œ" "æ»´æ»´æ‰“è½¦-æå¸ˆå‚…"
  trade_time: "2020-09-18 22:39:29"
  Liabilities:CreditCard:æ‹›å•†é“¶è¡Œ9619  -75 CNY
  Assets:Receivables:å…¬å¸æŠ¥é”€           75 CNY

2020-09-18 * "æ¤’ç¾" "ç¾å›¢æ”¶é“¶736417409119985664"
  trade_time: "2020-09-18 11:55:36"
  Liabilities:CreditCard:äº¤é€šé“¶è¡Œ4830  -37 CNY
  Expenses:Food:æ—¥å¸¸åƒå–                37 CNY

2020-09-18 * "äºŒå°‘" "æ”¶æ¬¾æ–¹å¤‡æ³¨:äºŒç»´ç æ”¶æ¬¾"
  trade_time: "2020-09-18 09:44:18"
  Assets:Bank:å¾®ä¿¡é’±åŒ…       -10 CNY
  Expenses:Transport:æ‰“è½¦   10 CNY

2020-09-17 * "å¼ ä¸€é¸£" "è½¬è´¦å¤‡æ³¨:å¾®ä¿¡è½¬è´¦"
  trade_time: "2020-09-17 22:32:45"
  Assets:Bank:å¾®ä¿¡é’±åŒ…           86 CNY
  Assets:Receivables:è®°è´¦è¿‡æ¸¡æˆ·  -86 CNY

2020-09-17 * "æ»´æ»´å‡ºè¡Œ" "æ»´æ»´æ‰“è½¦-ä½•å¸ˆå‚…"
  trade_time: "2020-09-17 22:29:43"
  Liabilities:CreditCard:æ‹›å•†é“¶è¡Œ9619  -86 CNY
  Assets:Receivables:è®°è´¦è¿‡æ¸¡æˆ·          86 CNY

2020-09-17 * "ä¼—å®¢é£ŸåŠ" "ä¼—å®¢é£ŸåŠ-é‡‘è¾‰å›½é™…åº—å¯å‘³ç¾é£Ÿå¹¿åœº"
  trade_time: "2020-09-17 09:58:10"
  Liabilities:CreditCard:äº¤é€šé“¶è¡Œ4830  -4 CNY
  Expenses:Food:æ—¥å¸¸åƒå–                4 CNY

2020-09-17 * "é›„å®‰é¤é¥®" "çªçªæ”¯ä»˜_ç”˜ç²®(é‡‘è¾‰å¤§å¦åº—)_ç”˜ç²®æ—©é¤_7870"
  trade_time: "2020-09-17 09:57:33"
  Liabilities:CreditCard:æ‹›å•†é“¶è¡Œ9619  -8.5 CNY
  Expenses:Food:æ—¥å¸¸åƒå–                8.5 CNY

2020-09-16 * "æ¤’ç¾" "ç¾å›¢æ”¶é“¶735697285882740736"
  trade_time: "2020-09-16 12:14:05"
  Liabilities:CreditCard:äº¤é€šé“¶è¡Œ4830  -29 CNY
  Expenses:Food:æ—¥å¸¸åƒå–                29 CNY

2020-09-16 * "æ™ºè¡Œ" "æ™ºè¡Œ"
  trade_time: "2020-09-16 12:01:23"
  Liabilities:CreditCard:æ‹›å•†é“¶è¡Œ9619   520.5 CNY
  Expenses:Transport:ç«è½¦            -520.5 CNY

2020-09-16 * "æ»´æ»´å‡ºè¡Œ" "æ»´æ»´æ‰“è½¦-æå¸ˆå‚…"
  trade_time: "2020-09-16 10:06:56"
  Liabilities:CreditCard:æ‹›å•†é“¶è¡Œ9619  -132 CNY
  Assets:Receivables:å…¬å¸æŠ¥é”€           132 CNY

2020-09-15 * "æ»´æ»´å‡ºè¡Œ" "æ»´æ»´æ‰“è½¦-åˆ˜å¸ˆå‚…"
  trade_time: "2020-09-15 23:20:46"
  Liabilities:CreditCard:æ‹›å•†é“¶è¡Œ9619  -89 CNY
  Assets:Receivables:å…¬å¸æŠ¥é”€           89 CNY

2020-09-15 * "å‹å®" "ç™¾å²å±±çŸ¿æ³‰æ°´570ml"
  trade_time: "2020-09-15 14:21:47"
  Liabilities:CreditCard:æ‹›å•†é“¶è¡Œ9619  -3 CNY
  Expenses:Food:æ—¥å¸¸åƒå–                3 CNY

2020-09-15 * "ä¼—å®¢é£ŸåŠ" "ä¼—å®¢é£ŸåŠ-é‡‘è¾‰å›½é™…åº—å¯å‘³ç¾é£Ÿå¹¿åœº"
  trade_time: "2020-09-15 10:17:13"
  Liabilities:CreditCard:äº¤é€šé“¶è¡Œ4830  -4 CNY
  Expenses:Food:æ—¥å¸¸åƒå–                4 CNY

2020-09-15 * "é›„å®‰é¤é¥®" "çªçªæ”¯ä»˜_ç”˜ç²®(é‡‘è¾‰å¤§å¦åº—)_ç”˜ç²®æ—©é¤_9876"
  trade_time: "2020-09-15 10:10:56"
  Liabilities:CreditCard:æ‹›å•†é“¶è¡Œ9619  -8 CNY
  Expenses:Food:æ—¥å¸¸åƒå–                8 CNY

2020-09-15 * "è‡ªç”±äºº" "æ”¶æ¬¾æ–¹å¤‡æ³¨:äºŒç»´ç æ”¶æ¬¾"
  trade_time: "2020-09-15 09:39:03"
  Assets:Bank:å¾®ä¿¡é’±åŒ…       -5 CNY
  Expenses:Transport:æ‰“è½¦   5 CNY

2020-09-14 * "æ»´æ»´å‡ºè¡Œ" "æ»´æ»´æ‰“è½¦-å¼ å¸ˆå‚…"
  trade_time: "2020-09-14 23:45:59"
  Liabilities:CreditCard:æ‹›å•†é“¶è¡Œ9619  -89 CNY
  Assets:Receivables:å…¬å¸æŠ¥é”€           89 CNY

2020-09-14 * "æ¤’ç¾" "ç¾å›¢æ”¶é“¶735062007522430976"
  trade_time: "2020-09-14 18:09:43"
  Liabilities:CreditCard:äº¤é€šé“¶è¡Œ4830  -21 CNY
  Expenses:Food:æ—¥å¸¸åƒå–                21 CNY

2020-09-14 * "ğŸ‡¨ğŸ‡³ğŸ‡¨ğŸ‡³æ‰¶æˆ‘èµ·æ¥" "/"
  trade_time: "2020-09-14 18:04:10"
  Assets:Bank:å¾®ä¿¡é’±åŒ…    -117.5 CNY
  Expenses:Food:å·¥ä½œèšé¤   117.5 CNY

2020-09-14 * "luciusvorenus" "/" #20200911-TeamBuilding
  trade_time: "2020-09-14 12:39:41"
  Assets:Bank:å¾®ä¿¡é’±åŒ…           100 CNY
  Assets:Receivables:è®°è´¦è¿‡æ¸¡æˆ·  -100 CNY

2020-09-14 * "ç¾å›¢ç‚¹è¯„å¹³å°å•†æˆ·" "ç¾å›¢è®¢å•-20091410100000000005211752684421"
  trade_time: "2020-09-14 12:27:57"
  Liabilities:CreditCard:æ‹›å•†é“¶è¡Œ9619  -20 CNY
  Expenses:Food:æ—¥å¸¸åƒå–                20 CNY

2020-09-14 * "å¹¿å·éª‘å®‰" "å•è½¦"
  trade_time: "2020-09-14 10:54:19"
  Liabilities:CreditCard:æ‹›å•†é“¶è¡Œ9619  -1 CNY
  Expenses:Transport:å•è½¦             1 CNY

2020-09-14 * "é›„å®‰é¤é¥®" "çªçªæ”¯ä»˜_ç”˜ç²®(é‡‘è¾‰å¤§å¦åº—)_ç”˜ç²®æ—©é¤_9415"
  trade_time: "2020-09-14 10:40:22"
  Liabilities:CreditCard:æ‹›å•†é“¶è¡Œ9619  -8.5 CNY
  Expenses:Food:æ—¥å¸¸åƒå–                8.5 CNY

2020-09-14 * "ä¼—å®¢é£ŸåŠ" "ä¼—å®¢é£ŸåŠ-é‡‘è¾‰å›½é™…åº—å¯å‘³ç¾é£Ÿå¹¿åœº"
  trade_time: "2020-09-14 10:39:45"
  Liabilities:CreditCard:äº¤é€šé“¶è¡Œ4830  -4 CNY
  Expenses:Food:æ—¥å¸¸åƒå–                4 CNY

2020-09-12 * "èŠ±å°çŒªæ‰“è½¦" "èŠ±å°çŒª"
  trade_time: "2020-09-12 14:10:54"
  Liabilities:CreditCard:æ‹›å•†é“¶è¡Œ9619  -11.64 CNY
  Expenses:Transport:æ‰“è½¦             11.64 CNY

2020-09-12 * "æ€ªå…½å……ç”µ" "æ¯24å°æ—¶å°é¡¶18å…ƒ"
  trade_time: "2020-09-12 13:50:10"
  Liabilities:CreditCard:æµ¦å‘é“¶è¡Œ5278  -6 CNY
  Expenses:Consumption:å……ç”µå®          6 CNY

2020-09-12 * "æ°¸å’Œè±†æµ†" "æ°¸å’Œè±†æµ†"
  trade_time: "2020-09-12 12:08:36"
  Liabilities:CreditCard:äº¤é€šé“¶è¡Œ4830  -18 CNY
  Expenses:Food:æ—¥å¸¸åƒå–                18 CNY

2020-09-12 * "åè”ç”Ÿæ´»è¶…å¸‚" "æ”¶æ¬¾æ–¹å¤‡æ³¨:äºŒç»´ç æ”¶æ¬¾"
  trade_time: "2020-09-12 12:04:48"
  Assets:Bank:å¾®ä¿¡é’±åŒ…    -2 CNY
  Expenses:Food:æ—¥å¸¸åƒå–   2 CNY

2020-09-12 * "èŠ±å°çŒªæ‰“è½¦" "èŠ±å°çŒª"
  trade_time: "2020-09-12 11:26:56"
  Liabilities:CreditCard:æ‹›å•†é“¶è¡Œ9619  -11.26 CNY
  Expenses:Transport:æ‰“è½¦             11.26 CNY

2020-09-12 * "å¼ å›¢åˆ©" " " #20200911-TeamBuilding
  trade_time: "2020-09-12 02:29:30"
  Assets:Bank:å¾®ä¿¡é’±åŒ…           100 CNY
  Assets:Receivables:è®°è´¦è¿‡æ¸¡æˆ·  -100 CNY

2020-09-12 * "æ»´æ»´å‡ºè¡Œ" "æ»´æ»´å¿«è½¦-æ¯›å¸ˆå‚…-09æœˆ12æ—¥è¡Œç¨‹"
  trade_time: "2020-09-12 02:29:19"
  Liabilities:CreditCard:æ‹›å•†é“¶è¡Œ9619  -75.76 CNY
  Assets:Receivables:å…¬å¸æŠ¥é”€           75.76 CNY

2020-09-12 * "æ»´æ»´å‡ºè¡Œ" "æ»´æ»´æ‰“è½¦-ç†Šå¸ˆå‚…"
  trade_time: "2020-09-12 01:29:51"
  Liabilities:CreditCard:æ‹›å•†é“¶è¡Œ9619  -18 CNY
  Expenses:Transport:æ‰“è½¦             18 CNY

2020-09-12 * "æ»´æ»´å‡ºè¡Œ" "æ»´æ»´å¿«è½¦-å§œå¸ˆå‚…-09æœˆ11æ—¥è¡Œç¨‹"
  trade_time: "2020-09-12 01:15:30"
  Liabilities:CreditCard:æ‹›å•†é“¶è¡Œ9619  -14 CNY
  Expenses:Transport:æ‰“è½¦             14 CNY

2020-09-12 * "å‘ç»™å¼ å›¢åˆ©" "/" #20200911-TeamBuilding
  trade_time: "2020-09-12 01:14:53"
  Assets:Bank:å¾®ä¿¡é’±åŒ…          -60 CNY
  Assets:Receivables:è®°è´¦è¿‡æ¸¡æˆ·   60 CNY

2020-09-12 * "ğŸ¤ªğŸ¤ªæ–" "/" #20200911-TeamBuilding
  trade_time: "2020-09-12 01:14:20"
  Assets:Bank:å¾®ä¿¡é’±åŒ…           38 CNY
  Assets:Receivables:è®°è´¦è¿‡æ¸¡æˆ·  -38 CNY

2020-09-12 * "å®‹åš" "è½¬è´¦å¤‡æ³¨:å¾®ä¿¡è½¬è´¦" #20200911-TeamBuilding
  trade_time: "2020-09-12 01:12:59"
  Assets:Bank:å¾®ä¿¡é’±åŒ…          -165 CNY
  Assets:Receivables:è®°è´¦è¿‡æ¸¡æˆ·   165 CNY

2020-09-12 * "å®‹åš" "/" #20200911-TeamBuilding
  trade_time: "2020-09-12 01:12:43"
  Assets:Bank:å¾®ä¿¡é’±åŒ…           100 CNY
  Assets:Receivables:è®°è´¦è¿‡æ¸¡æˆ·  -100 CNY

2020-09-12 * "è’‹æœ‹" "è½¬è´¦å¤‡æ³¨:å¾®ä¿¡è½¬è´¦" #20200911-TeamBuilding
  trade_time: "2020-09-12 01:12:10"
  Assets:Bank:å¾®ä¿¡é’±åŒ…          -220 CNY
  Assets:Receivables:è®°è´¦è¿‡æ¸¡æˆ·   220 CNY

2020-09-12 * "å¼ æœ¯é›„" "è½¬è´¦å¤‡æ³¨:å¾®ä¿¡è½¬è´¦" #20200911-TeamBuilding
  trade_time: "2020-09-12 01:10:22"
  Assets:Bank:å¾®ä¿¡é’±åŒ…          -135 CNY
  Assets:Receivables:è®°è´¦è¿‡æ¸¡æˆ·   135 CNY

2020-09-12 * "Simon" "è½¬è´¦å¤‡æ³¨:å¾®ä¿¡è½¬è´¦" #20200911-TeamBuilding
  trade_time: "2020-09-12 01:09:36"
  Assets:Bank:å¾®ä¿¡é’±åŒ…          -50 CNY
  Assets:Receivables:è®°è´¦è¿‡æ¸¡æˆ·   50 CNY

2020-09-12 * "Simon" "/" #20200911-TeamBuilding
  trade_time: "2020-09-12 01:09:26"
  Assets:Bank:å¾®ä¿¡é’±åŒ…           100 CNY
  Assets:Receivables:è®°è´¦è¿‡æ¸¡æˆ·  -100 CNY

2020-09-12 * "æ¶æ„ç»„-é»„ä¿Š" "è½¬è´¦å¤‡æ³¨:å¾®ä¿¡è½¬è´¦" #20200911-TeamBuilding
  trade_time: "2020-09-12 01:08:32"
  Assets:Bank:å¾®ä¿¡é’±åŒ…          -60 CNY
  Assets:Receivables:è®°è´¦è¿‡æ¸¡æˆ·   60 CNY

2020-09-12 * "æ—æ€æ—¸" "è½¬è´¦å¤‡æ³¨:å¾®ä¿¡è½¬è´¦" #20200911-TeamBuilding
  trade_time: "2020-09-12 01:08:04"
  Assets:Bank:å¾®ä¿¡é’±åŒ…          -53 CNY
  Assets:Receivables:è®°è´¦è¿‡æ¸¡æˆ·   53 CNY

2020-09-12 * "æ—æ€æ—¸" "è½¬è´¦å¤‡æ³¨:å¾®ä¿¡è½¬è´¦" #20200911-TeamBuilding
  trade_time: "2020-09-12 00:46:33"
  Assets:Bank:å¾®ä¿¡é’±åŒ…          -100 CNY
  Assets:Receivables:è®°è´¦è¿‡æ¸¡æˆ·   100 CNY

2020-09-11 * "åœ¨é‡" "/" #20200911-TeamBuilding
  trade_time: "2020-09-11 23:16:44"
  Assets:Bank:å¾®ä¿¡é’±åŒ…           100 CNY
  Assets:Receivables:è®°è´¦è¿‡æ¸¡æˆ·  -100 CNY

2020-09-11 * "æ—æ€æ—¸" "è½¬è´¦å¤‡æ³¨:å¾®ä¿¡è½¬è´¦" #20200911-TeamBuilding
  trade_time: "2020-09-11 23:16:31"
  Assets:Bank:å¾®ä¿¡é’±åŒ…           100 CNY
  Assets:Receivables:è®°è´¦è¿‡æ¸¡æˆ·  -100 CNY

2020-09-11 * "Jerry" "/" #20200911-TeamBuilding
  trade_time: "2020-09-11 23:16:07"
  Assets:Bank:å¾®ä¿¡é’±åŒ…           100 CNY
  Assets:Receivables:è®°è´¦è¿‡æ¸¡æˆ·  -100 CNY

2020-09-11 * "é›„å®‰é¤é¥®" "çªçªæ”¯ä»˜_ç”˜ç²®(é‡‘è¾‰å¤§å¦åº—)_ç”˜ç²®æ—©é¤_2725"
  trade_time: "2020-09-11 09:52:03"
  Liabilities:CreditCard:æ‹›å•†é“¶è¡Œ9619  -9 CNY
  Expenses:Food:æ—¥å¸¸åƒå–                9 CNY

2020-09-11 * "é½ä½³" "æ”¶æ¬¾æ–¹å¤‡æ³¨:äºŒç»´ç æ”¶æ¬¾"
  trade_time: "2020-09-11 09:16:39"
  Assets:Bank:å¾®ä¿¡é’±åŒ…       -5 CNY
  Expenses:Transport:æ‰“è½¦   5 CNY

2020-09-10 * "æ»´æ»´å‡ºè¡Œ" "æ»´æ»´æ‰“è½¦-é—«å¸ˆå‚…"
  trade_time: "2020-09-10 22:38:18"
  Liabilities:CreditCard:æ‹›å•†é“¶è¡Œ9619  -85 CNY
  Assets:Receivables:å…¬å¸æŠ¥é”€           85 CNY

2020-09-10 * "ç²¤æ¸¯èŒ¶é¤å…" "MTDP-ç²¤æ¸¯èŒ¶é¤å…"
  trade_time: "2020-09-10 19:11:39"
  Liabilities:CreditCard:äº¤é€šé“¶è¡Œ4830  -28 CNY
  Expenses:Food:æ—¥å¸¸åƒå–                28 CNY

2020-09-10 * "ä¼—å®¢é£ŸåŠ" "ä¼—å®¢é£ŸåŠ-é‡‘è¾‰å›½é™…åº—å¯å‘³ç¾é£Ÿå¹¿åœº"
  trade_time: "2020-09-10 10:28:16"
  Liabilities:CreditCard:äº¤é€šé“¶è¡Œ4830  -14 CNY
  Expenses:Food:æ—¥å¸¸åƒå–                14 CNY

2020-09-09 * "æ»´æ»´å‡ºè¡Œ" "æ»´æ»´æ‰“è½¦-ä½Ÿå¸ˆå‚…"
  trade_time: "2020-09-09 22:28:24"
  Liabilities:CreditCard:æ‹›å•†é“¶è¡Œ9619  -61 CNY
  Assets:Receivables:å…¬å¸æŠ¥é”€           61 CNY

2020-09-09 * "ç²¾å“å¿«é¤" "MTDP-ç²¾å“å¿«é¤"
  trade_time: "2020-09-09 18:06:22"
  Liabilities:CreditCard:äº¤é€šé“¶è¡Œ4830  -19 CNY
  Expenses:Food:æ—¥å¸¸åƒå–                19 CNY

2020-09-09 * "å‹å®" "è„‰åŠ¨é’æŸ å‘³ç»´ç”Ÿç´ é¥®æ–™600ml"
  trade_time: "2020-09-09 14:55:32"
  Liabilities:CreditCard:æ‹›å•†é“¶è¡Œ9619  -6 CNY
  Expenses:Food:æ—¥å¸¸åƒå–                6 CNY

2020-09-09 * "ä¸­å›½é“è·¯æ€»å…¬å¸èµ„é‡‘æ¸…ç®—ä¸­å¿ƒ" "12306æ¶ˆè´¹"
  trade_time: "2020-09-09 13:32:39"
  Liabilities:CreditCard:æ‹›å•†é“¶è¡Œ9619  -520.5 CNY
  Expenses:Transport:ç«è½¦             520.5 CNY

2020-09-09 * "æ»´æ»´å‡ºè¡Œ" "æ»´æ»´æ‰“è½¦-ç‹å¸ˆå‚…"
  trade_time: "2020-09-09 00:35:27"
  Liabilities:CreditCard:æ‹›å•†é“¶è¡Œ9619  -87 CNY
  Assets:Receivables:å…¬å¸æŠ¥é”€           87 CNY

2020-09-08 * "æ»´æ»´å‡ºè¡Œ" "æ»´æ»´ä¸“è½¦-æå¸ˆå‚…-09æœˆ04æ—¥è¡Œç¨‹"
  trade_time: "2020-09-08 23:19:57"
  Liabilities:CreditCard:æ‹›å•†é“¶è¡Œ9619  -96.24 CNY
  Assets:Receivables:å…¬å¸æŠ¥é”€           96.24 CNY

2020-09-08 * "ç²¾å“å¿«é¤" "MTDP-ç²¾å“å¿«é¤"
  trade_time: "2020-09-08 18:08:14"
  Liabilities:CreditCard:äº¤é€šé“¶è¡Œ4830  -19 CNY
  Expenses:Food:æ—¥å¸¸åƒå–                19 CNY

2020-09-08 * "æ·®æ‰¬èŸ" "MTDP-æ·®æ‰¬èŸ"
  trade_time: "2020-09-08 13:26:51"
  Liabilities:CreditCard:äº¤é€šé“¶è¡Œ4830  -14.4 CNY
  Expenses:Food:æ—¥å¸¸åƒå–                14.4 CNY

2020-09-08 * "ä¼—å®¢é£ŸåŠ" "ä¼—å®¢é£ŸåŠ-é‡‘è¾‰å›½é™…åº—å¯å‘³ç¾é£Ÿå¹¿åœº"
  trade_time: "2020-09-08 09:41:06"
  Liabilities:CreditCard:äº¤é€šé“¶è¡Œ4830  -4 CNY
  Expenses:Food:æ—¥å¸¸åƒå–                4 CNY

2020-09-08 * "é›„å®‰é¤é¥®" "çªçªæ”¯ä»˜_ç”˜ç²®(é‡‘è¾‰å¤§å¦åº—)_ç”˜ç²®æ—©é¤_0103"
  trade_time: "2020-09-08 09:40:23"
  Liabilities:CreditCard:æ‹›å•†é“¶è¡Œ9619  -8.5 CNY
  Expenses:Food:æ—¥å¸¸åƒå–                8.5 CNY

2020-09-08 * "æ™ºè¡Œ" "2020å¹´10æœˆ08æ—¥æ­¦æ±‰-åŒ—äº¬è¥¿"
  trade_time: "2020-09-08 08:42:37"
  Liabilities:CreditCard:æ‹›å•†é“¶è¡Œ9619   520.5 CNY
  Expenses:Transport:ç«è½¦            -520.5 CNY

2020-09-08 * "ä¸­å›½é“è·¯æ€»å…¬å¸èµ„é‡‘æ¸…ç®—ä¸­å¿ƒ" "12306æ¶ˆè´¹"
  trade_time: "2020-09-08 08:39:08"
  Liabilities:CreditCard:æ‹›å•†é“¶è¡Œ9619  -520.5 CNY
  Expenses:Transport:ç«è½¦             520.5 CNY

2020-09-07 * "é™•å‘³äººå®¶æ²¹æ³¼é¢" "MTDP-é™•å‘³äººå®¶æ²¹æ³¼é¢"
  trade_time: "2020-09-07 18:04:32"
  Liabilities:CreditCard:äº¤é€šé“¶è¡Œ4830  -22 CNY
  Expenses:Food:æ—¥å¸¸åƒå–                22 CNY

2020-09-07 * "å‹å®" "ç™¾å²å±±çŸ¿æ³‰æ°´570ml"
  trade_time: "2020-09-07 16:46:06"
  Liabilities:CreditCard:æ‹›å•†é“¶è¡Œ9619  -3 CNY
  Expenses:Food:æ—¥å¸¸åƒå–                3 CNY

2020-09-07 * "ä¼—å®¢é£ŸåŠ" "ä¼—å®¢é£ŸåŠ-é‡‘è¾‰å›½é™…åº—å¯å‘³ç¾é£Ÿå¹¿åœº"
  trade_time: "2020-09-07 09:53:58"
  Liabilities:CreditCard:äº¤é€šé“¶è¡Œ4830  -4 CNY
  Expenses:Food:æ—¥å¸¸åƒå–                4 CNY

2020-09-07 * "é›„å®‰é¤é¥®" "çªçªæ”¯ä»˜_ç”˜ç²®(é‡‘è¾‰å¤§å¦åº—)_ç”˜ç²®æ—©é¤_6967"
  trade_time: "2020-09-07 09:53:04"
  Liabilities:CreditCard:æ‹›å•†é“¶è¡Œ9619  -5.5 CNY
  Expenses:Food:æ—¥å¸¸åƒå–                5.5 CNY

2020-09-06 * "å­™ä¼ ç”³" "æ”¶æ¬¾æ–¹å¤‡æ³¨:äºŒç»´ç æ”¶æ¬¾@è‡ªè¡Œè½¦åœè½¦è´¹"
  trade_time: "2020-09-06 18:46:42"
  Assets:Bank:å¾®ä¿¡é’±åŒ…       -0.5 CNY
  Expenses:Transport:å•è½¦   0.5 CNY

2020-09-06 * "å‰é‡å®¶" "å‰é‡å®¶"
  trade_time: "2020-09-06 16:22:23"
  Liabilities:CreditCard:äº¤é€šé“¶è¡Œ4830  -35.5 CNY
  Expenses:Food:æ—¥å¸¸åƒå–                35.5 CNY

2020-09-06 * "è€å©†" "è½¬è´¦å¤‡æ³¨:å¾®ä¿¡è½¬è´¦"
  trade_time: "2020-09-06 09:39:24"
  Assets:Bank:æ‹›å•†é“¶è¡Œ0612  -30000 CNY
  Assets:Bank:è€å©†å¾®ä¿¡é’±åŒ…     30000 CNY

2020-09-05 * "å¼ æ˜Ÿæ˜ŸğŸŒ¿" "è½¬è´¦å¤‡æ³¨:å¾®ä¿¡è½¬è´¦"
  trade_time: "2020-09-05 17:12:13"
  Assets:Bank:å¾®ä¿¡é’±åŒ…          -100 CNY
  Assets:Receivables:è®°è´¦è¿‡æ¸¡æˆ·   100 CNY

2020-09-05 * "å½­åˆ©ä¼ŸåŒ—äº¬å¥¥é¾™å›½é™…ç‰©æµæœ‰é™å…¬å¸" "æ”¶æ¬¾æ–¹å¤‡æ³¨:äºŒç»´ç æ”¶æ¬¾"
  trade_time: "2020-09-05 17:09:07"
  Assets:Bank:å¾®ä¿¡é’±åŒ…           100 CNY
  Assets:Receivables:è®°è´¦è¿‡æ¸¡æˆ·  -100 CNY

2020-09-04 * "ä¸­å›½ç§»åŠ¨åŒ—äº¬å…¬å¸" "è§¦å±ç‰ˆä»£å……"
  trade_time: "2020-09-04 14:15:29"
  Liabilities:CreditCard:æ‹›å•†é“¶è¡Œ9619  -50 CNY
  Expenses:Communication:ç”µè¯è´¹        50 CNY

2020-09-04 * "ç²¾å“å¿«é¤" "MTDP-ç²¾å“å¿«é¤"
  trade_time: "2020-09-04 13:10:13"
  Liabilities:CreditCard:æ‹›å•†é“¶è¡Œ9619  -17.1 CNY
  Expenses:Food:æ—¥å¸¸åƒå–                17.1 CNY

2020-09-04 * "é›„å®‰é¤é¥®" "çªçªæ”¯ä»˜_ç”˜ç²®(é‡‘è¾‰å¤§å¦åº—)_ç”˜ç²®æ—©é¤_1005"
  trade_time: "2020-09-04 09:33:47"
  Liabilities:CreditCard:æ‹›å•†é“¶è¡Œ9619  -9 CNY
  Expenses:Food:æ—¥å¸¸åƒå–                9 CNY

2020-09-04 * "åˆ˜æ˜æ˜Š" "æ”¶æ¬¾æ–¹å¤‡æ³¨:äºŒç»´ç æ”¶æ¬¾"
  trade_time: "2020-09-04 09:00:12"
  Assets:Bank:å¾®ä¿¡é’±åŒ…       -5 CNY
  Expenses:Transport:æ‰“è½¦   5 CNY

2020-09-03 * "æ»´æ»´å‡ºè¡Œ" "æ»´æ»´æ‰“è½¦-å¼ å¸ˆå‚…"
  trade_time: "2020-09-03 22:41:46"
  Liabilities:CreditCard:æ‹›å•†é“¶è¡Œ9619  -80 CNY
  Assets:Receivables:å…¬å¸æŠ¥é”€           80 CNY

2020-09-03 * "å¹¿å·éª‘å®‰" "å•è½¦"
  trade_time: "2020-09-03 21:40:15"
  Liabilities:CreditCard:æµ¦å‘é“¶è¡Œ5278  -1.5 CNY
  Expenses:Transport:å•è½¦             1.5 CNY

2020-09-03 * "æ»´æ»´å‡ºè¡Œ" "æ»´æ»´ä¸“è½¦-é«˜å¸ˆå‚…-09æœˆ02æ—¥è¡Œç¨‹"
  trade_time: "2020-09-03 21:33:28"
  Liabilities:CreditCard:æµ¦å‘é“¶è¡Œ5278  -49.25 CNY
  Assets:Receivables:å…¬å¸æŠ¥é”€           49.25 CNY

2020-09-03 * "è„‘é¦‹ç²‰å„¿ï¼ˆä¸‰é‡Œå±¯åº—ï¼‰" "è„‘é¦‹ç²‰å„¿ï¼ˆä¸‰é‡Œå±¯åº—ï¼‰"
  trade_time: "2020-09-03 19:34:38"
  Liabilities:CreditCard:äº¤é€šé“¶è¡Œ4830  -44.75 CNY
  Expenses:Food:æ—¥å¸¸åƒå–                44.75 CNY

2020-09-03 * "é›„å®‰é¤é¥®" "çªçªæ”¯ä»˜_ç”˜ç²®(é‡‘è¾‰å¤§å¦åº—)_ç”˜ç²®æ—©é¤_0784"
  trade_time: "2020-09-03 10:07:01"
  Liabilities:CreditCard:æµ¦å‘é“¶è¡Œ5278  -6 CNY
  Expenses:Food:æ—¥å¸¸åƒå–                6 CNY

2020-09-03 * "è´¢é™†é¡º" "æ”¶æ¬¾æ–¹å¤‡æ³¨:äºŒç»´ç æ”¶æ¬¾"
  trade_time: "2020-09-03 09:37:24"
  Assets:Bank:å¾®ä¿¡é’±åŒ…       -5 CNY
  Expenses:Transport:æ‰“è½¦   5 CNY

2020-09-02 * "ç²¥é¥¼å±‹" "MTDP-ç²¥é¥¼å±‹"
  trade_time: "2020-09-02 13:01:53"
  Liabilities:CreditCard:äº¤é€šé“¶è¡Œ4830  -1 CNY
  Expenses:Food:æ—¥å¸¸åƒå–                1 CNY

2020-09-02 * "ç²¥é¥¼å±‹" "MTDP-ç²¥é¥¼å±‹"
  trade_time: "2020-09-02 13:01:37"
  Liabilities:CreditCard:äº¤é€šé“¶è¡Œ4830  -8 CNY
  Expenses:Food:æ—¥å¸¸åƒå–                8 CNY

2020-09-02 * "ä¸­å›½ç§»åŠ¨åŒ—äº¬å…¬å¸" "è§¦å±ç‰ˆå……å€¼"
  trade_time: "2020-09-02 12:32:11"
  Liabilities:CreditCard:æµ¦å‘é“¶è¡Œ5278  -9.98 CNY
  Expenses:Communication:ç”µè¯è´¹        9.98 CNY

2020-09-02 * "ä¸­å›½ç§»åŠ¨åŒ—äº¬å…¬å¸" "è§¦å±ç‰ˆå……å€¼"
  trade_time: "2020-09-02 12:31:36"
  Liabilities:CreditCard:æµ¦å‘é“¶è¡Œ5278  -99.8 CNY
  Expenses:Communication:ç”µè¯è´¹        99.8 CNY

2020-09-02 * "ä¼—å®¢é£ŸåŠ" "ä¼—å®¢é£ŸåŠ-é‡‘è¾‰å›½é™…åº—å¯å‘³ç¾é£Ÿå¹¿åœº"
  trade_time: "2020-09-02 09:56:19"
  Liabilities:CreditCard:äº¤é€šé“¶è¡Œ4830  -14 CNY
  Expenses:Food:æ—¥å¸¸åƒå–                14 CNY

2020-09-02 * "äºŒå°‘" "æ”¶æ¬¾æ–¹å¤‡æ³¨:äºŒç»´ç æ”¶æ¬¾"
  trade_time: "2020-09-02 09:24:03"
  Assets:Bank:å¾®ä¿¡é’±åŒ…       -5 CNY
  Expenses:Transport:æ‰“è½¦   5 CNY

2020-09-02 * "ä¸Šæµ·éº¦å…‹é£æ–‡åŒ–ä¼ åª’æœ‰é™å…¬å¸" "T98èœ»èœ“è¶…çº§ä¼šå‘˜12ä¸ªæœˆ@èœ»èœ“ä¼šå‘˜+äº¬ä¸œ"
  trade_time: "2020-09-02 00:47:10"
  Liabilities:CreditCard:æµ¦å‘é“¶è¡Œ5278  -98 CNY
  Expenses:Consumption:è½¯ä»¶è®¢é˜…è´­ä¹°       98 CNY

2020-09-01 * "3å·æ¥¼108è¶…å¸‚" "æ”¶æ¬¾æ–¹å¤‡æ³¨:äºŒç»´ç æ”¶æ¬¾"
  trade_time: "2020-09-01 22:40:40"
  Assets:Bank:å¾®ä¿¡é’±åŒ…    -23 CNY
  Expenses:Food:æ—¥å¸¸åƒå–   23 CNY

2020-09-01 * "æ»´æ»´å‡ºè¡Œ" "æ»´æ»´æ‰“è½¦-æå¸ˆå‚…"
  trade_time: "2020-09-01 22:36:32"
  Liabilities:CreditCard:æµ¦å‘é“¶è¡Œ5278  -80 CNY
  Assets:Receivables:å…¬å¸æŠ¥é”€           80 CNY

2020-09-01 * "å‹å®" "ç™¾å²å±±çŸ¿æ³‰æ°´570ml"
  trade_time: "2020-09-01 13:45:02"
  Liabilities:CreditCard:æµ¦å‘é“¶è¡Œ5278  -3 CNY
  Expenses:Food:æ—¥å¸¸åƒå–                3 CNY

2020-09-01 * "ç²¾å“å¿«é¤" "MTDP-ç²¾å“å¿«é¤"
  trade_time: "2020-09-01 12:09:41"
  Liabilities:CreditCard:äº¤é€šé“¶è¡Œ4830  -2 CNY
  Expenses:Food:æ—¥å¸¸åƒå–                2 CNY

2020-09-01 * "ç²¾å“å¿«é¤" "MTDP-ç²¾å“å¿«é¤"
  trade_time: "2020-09-01 12:09:19"
  Liabilities:CreditCard:äº¤é€šé“¶è¡Œ4830  -17 CNY
  Expenses:Food:æ—¥å¸¸åƒå–                17 CNY

2020-09-01 * "ä¼—å®¢é£ŸåŠ" "ä¼—å®¢é£ŸåŠ-é‡‘è¾‰å›½é™…åº—å¯å‘³ç¾é£Ÿå¹¿åœº"
  trade_time: "2020-09-01 10:10:55"
  Liabilities:CreditCard:äº¤é€šé“¶è¡Œ4830  -14 CNY
  Expenses:Food:æ—¥å¸¸åƒå–                14 CNY

2020-09-01 * "æé•¿å¾" "æ”¶æ¬¾æ–¹å¤‡æ³¨:äºŒç»´ç æ”¶æ¬¾"
  trade_time: "2020-09-01 09:39:24"
  Assets:Bank:å¾®ä¿¡é’±åŒ…       -5 CNY
  Expenses:Transport:æ‰“è½¦   5 CNY
